<?xml version="1.0" encoding="UTF-8"?><collection xmlns="http://www.loc.gov/MARC21/slim"><record><leader>00354nam--2200133-i-4500</leader><controlfield tag="001">000035540</controlfield><controlfield tag="002">20161230</controlfield><controlfield tag="005">20161230201040</controlfield><controlfield tag="008">060222s1000------------r-----000-0-eng-d</controlfield><datafield ind1=" " ind2=" " tag="080"><subfield code="a">771.5</subfield></datafield><datafield ind1=" " ind2=" " tag="100"><subfield code="a">Mytum, Ernest</subfield></datafield><datafield ind1=" " ind2=" " tag="245"><subfield code="a">An introduction to photographic materials</subfield></datafield><datafield ind1=" " ind2=" " tag="260"><subfield code="a">London, Mac Donald..., 1956, Xiii + 217p. Cu Fig. + 4 Pl</subfield></datafield><datafield ind1=" " ind2=" " tag="852"><subfield code="a">11710</subfield></datafield></record></collection>